@Misc{LieberLieber2024,
  author  = {{LieberLieber Gmbh.}},
  date    = {2024-10-26},
  editor  = {{LieberLieber Gmbh.}},
  title   = {{Lemon tree}},
  url     = {https://www.lieberlieber.com/lemontree/en/product/},
  urldate = {2024-10-26},
}

@Misc{Git2024,
  author  = {Git},
  date    = {2024-10-26},
  editor  = {Git},
  title   = {The advantages of Git},
  url     = {https://git-scm.com/about/branching-and-merging},
  urldate = {2024-10-26},
}

@Misc{Arinane5_1996,
  author  = {{Inquiry Board}},
  date    = {1996-07-19},
  editor  = {{Prof. J. L. LIONS}},
  title   = {{ARIANE 5 Flight 501 Failure}},
  url     = {http://sunnyday.mit.edu/nasa-class/Ariane5-report.html},
  urldate = {2024-10-26},
}

@Misc{MCO2009,
  author  = {{NASA Safety Center: System faliure case studies}},
  date    = {2009-08-01},
  editor  = {{Steve Lilley}},
  title   = {{Lost in translation}},
  url     = {https://sma.nasa.gov/docs/default-source/safety-messages/safetymessage-2009-08-01-themarsclimateorbitermishap.pdf?sfvrsn=eaa1ef8_4},
  urldate = {2024-10-26},
}

@Misc{Fish2023,
  author  = {Garron Fish},
  date    = {2023-04-23},
  editor  = {Garron Fish},
  title   = {Using physical connectors with an FMU},
  url     = {https://www.claytex.com/tech-blog/using-physical-connectors-with-an-fmu/},
  urldate = {2024-10-26},
}

@Article{Hirano_2015,
  author     = {Hirano, Yutaka and Shimada, Satoshi and Teraoka, Yoichi and Seya, Osamu and Ohsumi, Yuji and Murakami, Shintaroh and Hirono, Tomohide and Sekisue, Takayuki},
  date       = {2015-09},
  title      = {Initiatives for acausal model connection using FMI in JSAE (Society of Automotive Engineers of Japan)},
  doi        = {10.3384/ecp15118795},
  issn       = {1650-3686},
  pages      = {795--801},
  series     = {Modelica},
  volume     = {118},
  booktitle  = {Proceedings of the 11th International Modelica Conference, Versailles, France, September 21-23, 2015},
  collection = {Modelica},
  publisher  = {Linköping University Electronic Press},
}

@Book{Weilkiens2020,
  author    = {Weilkiens, Tim},
  date      = {2020},
  title     = {SYSMOD - the systems modeling toolbox},
  edition   = {3rd edition, version 4.2},
  isbn      = {9783981852981},
  location  = {[Fredesdorf]},
  pagetotal = {361},
  publisher = {MBSE4U},
  series    = {MBSE4U booklet series},
  subtitle  = {Pragmatic MBSE with SysML},
  ppn_gvk   = {1726408175},
}

@Misc{Capella2024,
  author  = {Capella},
  date    = {2024-10-28},
  title   = {Arcadia method at a glance!},
  url     = {https://mbse-capella.org/arcadia.html},
  urldate = {2024-10-28},
}

@Misc{autoEEsystemEngineer2024,
  author  = {autoEEsystemEngineer},
  date    = {2024-06-27},
  editor  = {{Auto EE Sys Engineer`s Blog}},
  title   = {{OOSEM (Object-Oriented Systems Engineering Methodology)}},
  url     = {https://www.autosyseng.com/oosem/},
  urldate = {2024-10-28},
}

@Misc{IntelCorporation2014,
  author  = {{Intel Corporation}},
  date    = {2014-12-31},
  title   = {Intel® CoFluent™Methodology for SysML},
  url     = {https://www.intel.com/content/dam/www/public/us/en/documents/white-papers/cofluent-methodology-for-sysml-white-paper.pdf},
  urldate = {2024-10-28},
}

@Comment{jabref-meta: databaseType:biblatex;}
